% This format is called Bibtex.

@article{repopattern,
    author = {Shadman Kudchikar},
    title = {Repository Pattern C#},
    year = {2019},
    note = {\url{https://codewithshadman.com/repository-pattern-csharp/} visited: 18-05-2021},
}

@article{monolithic,
    author = {Microsoft},
    title = {Common web application architectures},
    year = {2020},
    note = {\url{https://docs.microsoft.com/en-us/dotnet/architecture/modern-web-apps-azure/common-web-application-architectures} visited: 16-05-2021},
}

@inproceedings{devopsHandbook,
    author = {Gene Kim, Jez Humble, Patrick Debois and John Wills},
    title = {The DevOps Handbook - how to create world-class agility, reliability and security in technology organisations},
    year = {2016}
}
%%Kim et al (2016). DevOps Handbook part 1 (First Edition). IT Revolution Press.

@article{centralized,
    author = {Helge Pfeiffer},
    title = {Session 2 - Slides},
    year = {2021},
    note = {\url{https://github.com/itu-devops/lecture_notes/blob/master/sessions/session_02/Session\%202.ipynb}},
}

@article{scaling,
    author = {Mircea Lungu},
    title = {Session 9 - Slides},
    year = {2021},
    note = {\url{https://github.com/itu-devops/lecture_notes/blob/master/sessions/session_09/Session09-Scaling.ipynb}},
}

@article{salt,
    author = {Robert Lin},
    title = {Salt & Pepper: Spice up your hash!},
    year = {2016},
    note = {\url{https://medium.com/@berto168/salt-pepper-spice-up-your-hash-b48328caa2af}}
    }
